







@article{doi:10.1021/acs.jcim.2c01504,
author = {Ding, Ji and Tang, Shidi and Mei, Zheming and Wang, Lingyue and Huang, Qinqin and Hu, Haifeng and Ling, Ming and Wu, Jiansheng},
title = {Vina-GPU 2.0: Further Accelerating AutoDock Vina and Its Derivatives with Graphics Processing Units},
journal = {Journal of Chemical Information and Modeling},
volume = {63},
number = {7},
pages = {1982-1998},
year = {2023},
doi = {10.1021/acs.jcim.2c01504},
    note ={PMID: 36941232},

URL = { 
        https://doi.org/10.1021/acs.jcim.2c01504
    
},
eprint = { 
        https://doi.org/10.1021/acs.jcim.2c01504
    
}

}


