







@article{doi:10.1021/acs.jcim.1c00203,
author = {Eberhardt, Jerome and Santos-Martins, Diogo and Tillack, Andreas F. and Forli, Stefano},
title = {AutoDock Vina 1.2.0: New Docking Methods, Expanded Force Field, and Python Bindings},
journal = {Journal of Chemical Information and Modeling},
volume = {61},
number = {8},
pages = {3891-3898},
year = {2021},
doi = {10.1021/acs.jcim.1c00203},
    note ={PMID: 34278794},

URL = { 
        https://doi.org/10.1021/acs.jcim.1c00203
    
},
eprint = { 
        https://doi.org/10.1021/acs.jcim.1c00203
    
}

}


